<?xml version="1.0" encoding="UTF-8"?>
<collection xmlns:xsi="http://www.w3.org/2001/XMLSchema-instance" xsi:schemaLocation="http://www.loc.gov/MARC21/slim http://www.loc.gov/standards/marcxml/schema/MARC21slim.xsd" xmlns="http://www.loc.gov/MARC21/slim">
<record>
  <leader>01262cam a2200301Ma 4500</leader>
  <controlfield tag="001">2965793</controlfield>
  <controlfield tag="003">NNC</controlfield>
  <controlfield tag="005">20130426003631.0</controlfield>
  <controlfield tag="008">930609m19749999ir f          000 0 araod</controlfield>
  <datafield tag="035" ind1=" " ind2=" ">
    <subfield code="a">(OCoLC)ocm28432163</subfield>
  </datafield>
  <datafield tag="035" ind1=" " ind2=" ">
    <subfield code="9">ASL1180CU</subfield>
  </datafield>
  <datafield tag="035" ind1=" " ind2=" ">
    <subfield code="a">(NNC)2965793</subfield>
  </datafield>
  <datafield tag="040" ind1=" " ind2=" ">
    <subfield code="a">RBN</subfield>
    <subfield code="c">RBN</subfield>
    <subfield code="d">ZCU</subfield>
  </datafield>
  <datafield tag="090" ind1=" " ind2=" ">
    <subfield code="a">BP189</subfield>
    <subfield code="b">.A48 1974</subfield>
  </datafield>
  <datafield tag="100" ind1="1" ind2=" ">
    <subfield code="a">Āmulī, Ḥaydar ibn ʻAlī,</subfield>
    <subfield code="d">active 14th century.</subfield>
  </datafield>
  <datafield tag="245" ind1="1" ind2="0">
    <subfield code="a">Muqaddimāt min kitāb naṣṣ al-nuṣūṣ fī sharh fus̥ūṣ al-ḥikam li-Muh̥yī al-Dīn Ibn al-ʻArabī /</subfield>
    <subfield code="c">az taṣnīfāt-i Ḥaydar Āmulī; bā taṣhīhāt va-dū muqaddimah va-fihrist-hā Henrī Kurbīn va ʻUthmān Ismāʹīl Yaḥyā.</subfield>
  </datafield>
  <datafield tag="260" ind1=" " ind2=" ">
    <subfield code="a">T̥ihrān :</subfield>
    <subfield code="b">Qismat-i Īrānshināsī,</subfield>
    <subfield code="c">1352- 1974-</subfield>
  </datafield>
  <datafield tag="300" ind1=" " ind2=" ">
    <subfield code="a">v. ;</subfield>
    <subfield code="c">25 cm.</subfield>
  </datafield>
  <datafield tag="490" ind1="1" ind2=" ">
    <subfield code="a">Ganjīnah-ʹi navashtah-hā-yī īrānī ;</subfield>
    <subfield code="v">22</subfield>
  </datafield>
  <datafield tag="500" ind1=" " ind2=" ">
    <subfield code="a">Title on added t.p.: Le texte des textes.</subfield>
  </datafield>
  <datafield tag="500" ind1=" " ind2=" ">
    <subfield code="a">Text in Arabic; introductions in Arabic and French.</subfield>
  </datafield>
  <datafield tag="505" ind1="0" ind2=" ">
    <subfield code="a">jild 1. Matn va-du muqaddimah-</subfield>
  </datafield>
  <datafield tag="600" ind1="0" ind2="0">
    <subfield code="a">Ibn al-ʻArabī,</subfield>
    <subfield code="d">1165-1240.</subfield>
    <subfield code="t">Fuṣūṣ al-ḥikam.</subfield>
  </datafield>
  <datafield tag="700" ind1="1" ind2=" ">
    <subfield code="a">Corbin, Henry.</subfield>
  </datafield>
  <datafield tag="700" ind1="1" ind2=" ">
    <subfield code="a">Yaḥyá, ʻUthmān.</subfield>
  </datafield>
  <datafield tag="740" ind1="0" ind2="1">
    <subfield code="a">Naṣ al-nuṣūṣ.</subfield>
  </datafield>
  <datafield tag="830" ind1=" " ind2="0">
    <subfield code="a">Bibliothèque iranienne ;</subfield>
    <subfield code="v">no 22.</subfield>
  </datafield>
  <datafield tag="955" ind1=" " ind2=" ">
    <subfield code="b">0045341630</subfield>
    <subfield code="d">glx</subfield>
    <subfield code="e">BP189 .A48 1974</subfield>
    <subfield code="v">v.1</subfield>
  </datafield>
</record>
</collection>